<?xml version="1.0" encoding="UTF-8"?><collection><record><leader>08076ntm a2200817 a 4500</leader><controlfield tag="001">006817861</controlfield><controlfield tag="003">MiAaHDL</controlfield><controlfield tag="005">20190719000000.0</controlfield><controlfield tag="006">m        d        </controlfield><controlfield tag="007">cr bn ---auaua</controlfield><controlfield tag="008">090612s1939    ua            00| ||ara d</controlfield><datafield tag="035" ind1=" " ind2=" "><subfield code="a">(MiU)006817861</subfield></datafield><datafield tag="035" ind1=" " ind2=" "><subfield code="a">sdr-miu006817861</subfield></datafield><datafield tag="040" ind1=" " ind2=" "><subfield code="a">MiU</subfield><subfield code="c">MiU</subfield><subfield code="e">amremm</subfield></datafield><datafield tag="043" ind1=" " ind2=" "><subfield code="a">n-us-mi</subfield></datafield><datafield tag="100" ind1="1" ind2=" "><subfield code="6">880-01</subfield><subfield code="a">Ṣadr al-Dīn al-Qūnawī, Muḥammad ibn Isḥāq,</subfield><subfield code="d">-1273 or 1274.</subfield></datafield><datafield tag="245" ind1="1" ind2="0"><subfield code="6">880-03</subfield><subfield code="a">[Miftāḥ ghayb al-jamʻ wa-al-wujūd ... etc.,</subfield><subfield code="f">1357 to 1358, i.e. 1939].</subfield></datafield><datafield tag="246" ind1="3" ind2="8"><subfield code="a">مفتاح غيب الجمع والوجود</subfield></datafield><datafield tag="260" ind1=" " ind2=" "><subfield code="a">[Egypt?,</subfield><subfield code="c">1939].</subfield></datafield><datafield tag="300" ind1=" " ind2=" "><subfield code="a">740 p. :</subfield><subfield code="b">paper :</subfield><subfield code="c">305-311 x 212 (250 x 134) mm. bound to 320 x 223</subfield></datafield><datafield tag="500" ind1=" " ind2=" "><subfield code="a">Shelfmark: Ann Arbor, University of Michigan, Special Collections Library, Isl. Ms. 905</subfield></datafield><datafield tag="500" ind1=" " ind2=" "><subfield code="a">Origin: As appears in colophon on p.122, transcription of opening work completed 13 Dhū al-Ḥijjah 1357, corresponding to 2 February 1939. As appears in colophon on p.740, transcription of final work completed 17 Jumādá II, corresponding to 3 August and 17 Abīb, presumably of 1358 [1939] by a copyist who identifies himself only as "ا ع." Likely bound for James Heyworth-Dunne (d.1974).</subfield></datafield><datafield tag="500" ind1=" " ind2=" "><subfield code="a">Former shelfmark: Mich. Isl. Ms. temp. no. 54</subfield></datafield><datafield tag="500" ind1=" " ind2=" "><subfield code="a">Binding: Boards covered in dark green cloth with dark green leather over spine (quarter binding) ; Western style binding ; pastedowns and flyleaves in wove paper printed with a floral vegetal pattern in green ; spine gold-stamped with title, author and owner, as well as decorative accents over raised bands "مفتاح غيب الجمع والوجود القونوي | J.H.D." ; sewing difficult to examine but appears to be over cords, in white thread, five stations ; stuck-on endbands ; overall in fairly good condition.</subfield></datafield><datafield tag="500" ind1=" " ind2=" "><subfield code="a">Support: Lined / ruled wove paper of at least two different types.</subfield></datafield><datafield tag="500" ind1=" " ind2=" "><subfield code="a">Script: Ruqʻah ; quick, modern hand ; serifless and freely ligatured with mainly closed counters, pointing somewhat careless and in strokes rather than distinct dots.</subfield></datafield><datafield tag="500" ind1=" " ind2=" "><subfield code="a">Layout: Written in 26 lines per page.</subfield></datafield><datafield tag="500" ind1=" " ind2=" "><subfield code="a">Collation: Pagination in pencil, Western numerals, supplied during digitization.</subfield></datafield><datafield tag="500" ind1=" " ind2=" "><subfield code="a">Colophon: [Miftāḥ ghayb al-jamʻ wa-al-wujūd] "Scribal," rectangular, reads "وكان الفراغ من تسويد هذا المتن العجيب الغريب في ١٣ من ذي الحجة ١٣٥٧ المطابق الثاني من شهر فبراير ١٩٣٩" ; [al-Risālah al-ʻArshīyah] "Scribal," triangular, reads "حرره العبد الفقير الذليل ... المسمى اع في اليوم السابع عشر من جمادى الثانية الموافق الثالث من اغسطس السابع عشر من ابيب ... امين"</subfield></datafield><datafield tag="500" ind1=" " ind2=" "><subfield code="a">Incipit: [Miftāḥ ghayb al-jamʻ wa-al-wujūd] "اللهم احمد نفسك عمن امرته ان يتخذك وكيلا حمدا عائدا منك اليك متحدا بك لا منقسما ولا مفصولا ..." ; [Sharḥ al-Ishārāt wa-al-tanbīhāt] "قال الشيخ الرئيس ابي علي الحسين بن علي بن سينا هذه اشارات الى اصول وتنبيهات على جمل يستبصر بها من تيسر له ولا ينتفع بالاصرح منها من تعسرت عليه والتكلان على التوفيق ..." ; [Risālat al-Mashāʻir] "هذه رسالة المشاعر لصدر المتأهلين ... وهو المعروف بملا صدرا ... بسم الله الرحمن الرحيم نحمد الله ونستعين بقوته التي اقام بها ملكوت السموات والارضين وبكلمته التي انشأ بها نشأتي الاولى ويوم الدين على تهذيب القوى القابلة للاستكمال ..." ; [al-Risālah al-ʻArshīyah] "هذه هي الرسالة الموسومة بالعرشية لصدر المتألهين ... بسم الله الرحمن الرحيم الحمد لله الذي جعلنا ممن شرح صدره للاسلام فهو على نور من ربه ... اما بعد فيقول العبد الذليل المفتقر الى عفو ربه الجليل محمد المدعو بصدر الدين ... هذه رسالة وجيزة اذكر فيها طائفة من المسائل الربوبية ..."</subfield></datafield><datafield tag="500" ind1=" " ind2=" "><subfield code="a">Title supplied by cataloguer.</subfield></datafield><datafield tag="500" ind1=" " ind2=" "><subfield code="a">Ms. codex.</subfield></datafield><datafield tag="505" ind1="0" ind2=" "><subfield code="a">6. p.673-p.740 : al-Risālah al-ʻArshīyah / Muḥammad ibn Ibrāhīm Ṣadr al-Dīn Shīrāzī.</subfield></datafield><datafield tag="505" ind1="0" ind2=" "><subfield code="a">5. p.625-p.673 : Risālat al-Mashāʻir / Muḥammad ibn Ibrāhīm Ṣadr al-Dīn Shīrāzī.</subfield></datafield><datafield tag="505" ind1="0" ind2=" "><subfield code="a">4. p.622-p.624 : [blank].</subfield></datafield><datafield tag="505" ind1="0" ind2=" "><subfield code="a">3. p.125-p.621 : Sharḥ al-Ishārāt wa-al-tanbīhāt al-raʼīsīyah / Naṣīr al-Dīn al-Ṭūsī.</subfield></datafield><datafield tag="505" ind1="0" ind2=" "><subfield code="a">2. p.123-p.124 : [blank].</subfield></datafield><datafield tag="505" ind1="0" ind2=" "><subfield code="a">1. p.1-p.122 : Miftāḥ ghayb al-jamʻ wa-al-wujūd / Muḥammad ibn Isḥāq Ṣadr al-Dīn al-Qūnawī.</subfield></datafield><datafield tag="510" ind1="4" ind2=" "><subfield code="a">MacEoin, D. "Mullā Ṣadrā S̲H̲īrāzī Ṣadr al-Dīn Muḥammad b. Ibrāhīm Ḳawāmī S̲h̲īrāzī." In EI2, |c vol. VII, p.547, col. 2</subfield></datafield><datafield tag="510" ind1="4" ind2=" "><subfield code="a">Brockelmann, C. GAL,</subfield><subfield code="c">II 413 ; S II 588 ff.</subfield></datafield><datafield tag="510" ind1="4" ind2=" "><subfield code="a">Brockelmann, C. GAL,</subfield><subfield code="c">I 434 ; S I 816 ; S II 329</subfield></datafield><datafield tag="520" ind1="8" ind2=" "><subfield code="a">Careful copy of Ṣadr al-Dīn al-Qūnawī's (d.1274) chief philosophical work with preface from Muḥammad ibn Ḥamzah al-Fanārī's commentary Miṣbāḥ al-uns bayna al-maʻqūl wa-al-mashhūd, followed by Naṣīr al-Dīn al-Ṭūsī's (d.1274) commentary on Ibn Sīnā's (d.1037) al-Ishārāt wa-al-tanbīhāt, and Mullā Ṣadrā Shīrāzī's (d.1641) Risālat al-Mashāʻir and al-Ḥikmah al-ʻarshīyah (al-Risālah al-ʻArshīyah).</subfield></datafield><datafield tag="538" ind1=" " ind2=" "><subfield code="a">Mode of access: Internet.</subfield></datafield><datafield tag="541" ind1=" " ind2=" "><subfield code="a">Acquired in the Fall of 1950.</subfield></datafield><datafield tag="546" ind1=" " ind2=" "><subfield code="a">Arabic.</subfield></datafield><datafield tag="561" ind1=" " ind2=" "><subfield code="a">On upper pastedown label with ex libris of James Heyworth-Dunne (d.1974), stamped with inventory number, "Ex Libris | J. Heyworth-Dunne | D. Lit. (London) | No 7944" ; UM Library inscription on p.3 "Dunning | Heyworth-Dunne | 6-13-51 | 71955" ; marginal glosses and notabilia.</subfield></datafield><datafield tag="600" ind1="0" ind2="0"><subfield code="a">Avicenna,</subfield><subfield code="d">980-1037.</subfield><subfield code="t">Ishārāt wa-al-tanbīhāt.</subfield></datafield><datafield tag="650" ind1=" " ind2="0"><subfield code="a">Manuscripts, Arabic</subfield><subfield code="z">Michigan</subfield><subfield code="z">Ann Arbor.</subfield></datafield><datafield tag="650" ind1=" " ind2="0"><subfield code="a">Metaphysics</subfield><subfield code="v">Early works to 1800.</subfield></datafield><datafield tag="650" ind1=" " ind2="0"><subfield code="a">Ontology</subfield><subfield code="v">Early works to 1800.</subfield></datafield><datafield tag="650" ind1=" " ind2="0"><subfield code="a">Sufism</subfield><subfield code="v">Early works to 1800.</subfield></datafield><datafield tag="650" ind1=" " ind2="0"><subfield code="a">God (Islam)</subfield><subfield code="v">Early works to 1800.</subfield></datafield><datafield tag="650" ind1=" " ind2="0"><subfield code="a">Islamic philosophy</subfield><subfield code="v">Early works to 1800.</subfield></datafield><datafield tag="700" ind1="1" ind2=" "><subfield code="a">Heyworth-Dunne, J.</subfield><subfield code="q">(James),</subfield><subfield code="e">former owner.</subfield></datafield><datafield tag="700" ind1="1" ind2="2"><subfield code="6">880-08</subfield><subfield code="a">Ṣadr al-Dīn Shīrāzī, Muḥammad ibn Ibrāhīm,</subfield><subfield code="d">-1641.</subfield><subfield code="t">Ḥikmah al-ʻarshīyah.</subfield></datafield><datafield tag="700" ind1="1" ind2="2"><subfield code="6">880-07</subfield><subfield code="a">Ṣadr al-Dīn Shīrāzī, Muḥammad ibn Ibrāhīm,</subfield><subfield code="d">-1641.</subfield><subfield code="t">Mashāʻir.</subfield></datafield><datafield tag="700" ind1="1" ind2="2"><subfield code="6">880-06</subfield><subfield code="a">Fanārī, Muḥammad ibn Ḥamzah,</subfield><subfield code="d">1350 or 1351-1430 or 1431.</subfield><subfield code="t">Miṣbāḥ al-uns.</subfield></datafield><datafield tag="700" ind1="1" ind2="2"><subfield code="6">880-04</subfield><subfield code="a">Ṭūsī, Naṣīr al-Dīn Muḥammad ibn Muḥammad,</subfield><subfield code="d">1201-1274.</subfield><subfield code="t">Sharḥ al-Ishārāt wa-al-tanbīhāt.</subfield></datafield><datafield tag="740" ind1="2" ind2="2"><subfield code="a">الرسالة العرشية</subfield></datafield><datafield tag="740" ind1="0" ind2="2"><subfield code="6">880-08</subfield><subfield code="a">ʻArshīyah</subfield></datafield><datafield tag="740" ind1="0" ind2="2"><subfield code="a">رسالة المشاعر</subfield></datafield><datafield tag="740" ind1="0" ind2="2"><subfield code="6">880-05</subfield><subfield code="a">Ḥall mushkilāt al-Ishārāt wa-al-tanbīhāt</subfield></datafield><datafield tag="773" ind1="0" ind2=" "><subfield code="a">Heyworth-Dunne Collection.</subfield></datafield><datafield tag="880" ind1="0" ind2="2"><subfield code="6">740-08/</subfield><subfield code="a">عرشية</subfield></datafield><datafield tag="880" ind1="1" ind2="2"><subfield code="6">700-08/</subfield><subfield code="a">صدر الدين شيرازى، محمد بن ابراهيم.</subfield><subfield code="t">حكمة العرشية.</subfield></datafield><datafield tag="880" ind1="1" ind2="2"><subfield code="6">700-07/</subfield><subfield code="a">صدر الدين شيرازى، محمد بن ابراهيم.</subfield><subfield code="t">مشاعر.</subfield></datafield><datafield tag="880" ind1="1" ind2="2"><subfield code="6">700-06/</subfield><subfield code="a">فناري, محمد بن حمزه.</subfield><subfield code="t">مصباح الانس.</subfield></datafield><datafield tag="880" ind1="0" ind2="2"><subfield code="6">740-05/</subfield><subfield code="a">حل مشكلات الاشرات والتنبيهات</subfield></datafield><datafield tag="880" ind1="1" ind2="2"><subfield code="6">700-04/</subfield><subfield code="a">طوسي، نصير الدين محمد بن محمد.</subfield><subfield code="t">شرح الاشارات والتنبيهات.</subfield></datafield><datafield tag="880" ind1="1" ind2="0"><subfield code="6">245-03/</subfield><subfield code="a">[مفتاح غيب الجمع والوجود ... الخ,</subfield><subfield code="f">1357ه الى 1358ه, 1939م].</subfield></datafield><datafield tag="880" ind1="1" ind2=" "><subfield code="6">100-01/</subfield><subfield code="a">صدر الدين القونوي، محمد بن اسحاق.</subfield></datafield><datafield tag="CID" ind1=" " ind2=" "><subfield code="a">006817861</subfield></datafield><datafield tag="DAT" ind1="0" ind2=" "><subfield code="a">20190719102639.0</subfield><subfield code="b">20190719000000.0</subfield></datafield><datafield tag="DAT" ind1="1" ind2=" "><subfield code="a">20190719090653.0</subfield><subfield code="b">2019-07-19T16:11:51Z</subfield></datafield><datafield tag="DAT" ind1="2" ind2=" "><subfield code="a">2015-10-02T18:00:03Z</subfield></datafield><datafield tag="CAT" ind1=" " ind2=" "><subfield code="a">SDR-MIU</subfield><subfield code="d">EX LIBRIS - ALEPH</subfield><subfield code="l">prepare.pl-004-008</subfield></datafield><datafield tag="FMT" ind1=" " ind2=" "><subfield code="a">BK</subfield></datafield><datafield tag="HOL" ind1=" " ind2=" "><subfield code="0">sdr-miu006817861</subfield><subfield code="a">MiU</subfield><subfield code="b">SDR</subfield><subfield code="c">MIU</subfield><subfield code="p">mdp.39015079129725</subfield><subfield code="s">MIU</subfield><subfield code="1">006817861</subfield></datafield><datafield tag="974" ind1=" " ind2=" "><subfield code="b">MIU</subfield><subfield code="c">MIU</subfield><subfield code="d">20190719</subfield><subfield code="s">lit-dlps-dc</subfield><subfield code="u">mdp.39015079129725</subfield><subfield code="y">1939</subfield><subfield code="r">ic-world</subfield><subfield code="q">man</subfield></datafield></record></collection>